{
  "leader": "01890cam a2200421 i 4500",
  "fields": [
    {
      "001": "ocm00736315\\"
    },
    {
      "003": "OCoLC"
    },
    {
      "005": "20221221114829.0"
    },
    {
      "008": "731030s1973\\\\\\\\nyua\\\\\\\\\\b\\\\\\\\001\\0\\eng\\\\"
    },
    {
      "010": {
        "ind1": "\\",
        "ind2": "\\",
        "subfields": [
          {
            "a": "   73004170 "
          }
        ]
      }
    },
    {
      "040": {
        "ind1": "\\",
        "ind2": "\\",
        "subfields": [
          {
            "a": "DLC"
          },
          {
            "b": "eng"
          },
          {
            "c": "DLC"
          },
          {
            "d": "AU@"
          },
          {
            "d": "YBM"
          },
          {
            "d": "TJX"
          },
          {
            "d": "UKMGB"
          },
          {
            "d": "OCLCF"
          },
          {
            "d": "OCLCQ"
          },
          {
            "d": "OCLCA"
          },
          {
            "d": "OCLCO"
          }
        ]
      }
    },
    {
      "016": {
        "ind1": "7",
        "ind2": "\\",
        "subfields": [
          {
            "a": "001463420"
          },
          {
            "2": "Uk"
          }
        ]
      }
    },
    {
      "019": {
        "ind1": "\\",
        "ind2": "\\",
        "subfields": [
          {
            "a": "771664"
          },
          {
            "a": "887984"
          },
          {
            "a": "977269725"
          },
          {
            "a": "1166513453"
          },
          {
            "a": "1166560978"
          }
        ]
      }
    },
    {
      "020": {
        "ind1": "\\",
        "ind2": "\\",
        "subfields": [
          {
            "a": "0670134171"
          }
        ]
      }
    },
    {
      "020": {
        "ind1": "\\",
        "ind2": "\\",
        "subfields": [
          {
            "a": "9780670134175"
          }
        ]
      }
    },
    {
      "035": {
        "ind1": "\\",
        "ind2": "\\",
        "subfields": [
          {
            "a": "(OCoLC)736315"
          },
          {
            "z": "(OCoLC)771664"
          },
          {
            "z": "(OCoLC)887984"
          },
          {
            "z": "(OCoLC)977269725"
          },
          {
            "z": "(OCoLC)1166513453"
          },
          {
            "z": "(OCoLC)1166560978"
          }
        ]
      }
    },
    {
      "043": {
        "ind1": "\\",
        "ind2": "\\",
        "subfields": [
          {
            "a": "n-us---"
          }
        ]
      }
    },
    {
      "050": {
        "ind1": "0",
        "ind2": "0",
        "subfields": [
          {
            "a": "N8790"
          },
          {
            "b": ".G63 1973"
          }
        ]
      }
    },
    {
      "082": {
        "ind1": "0",
        "ind2": "0",
        "subfields": [
          {
            "a": "700"
          },
          {
            "b": "GOO"
          }
        ]
      }
    },
    {
      "100": {
        "ind1": "1",
        "ind2": "\\",
        "subfields": [
          {
            "a": "Goodrich, David L."
          }
        ]
      }
    },
    {
      "245": {
        "ind1": "1",
        "ind2": "0",
        "subfields": [
          {
            "a": "Art fakes in America /"
          },
          {
            "c": "by David L. Goodrich."
          }
        ]
      }
    },
    {
      "246": {
        "ind1": "3",
        "ind2": "4",
        "subfields": [
          {
            "a": "The lively business of making, buying, and selling fradulent art from colonial times to the present, with advice on avoiding swindles"
          }
        ]
      }
    },
    {
      "260": {
        "ind1": "\\",
        "ind2": "\\",
        "subfields": [
          {
            "a": "New York :"
          },
          {
            "b": "Viking Press,"
          },
          {
            "c": "[1973]"
          }
        ]
      }
    },
    {
      "300": {
        "ind1": "\\",
        "ind2": "\\",
        "subfields": [
          {
            "a": "246 pages :"
          },
          {
            "b": "illustrations ;"
          },
          {
            "c": "22 cm"
          }
        ]
      }
    },
    {
      "336": {
        "ind1": "\\",
        "ind2": "\\",
        "subfields": [
          {
            "a": "text"
          },
          {
            "b": "txt"
          },
          {
            "2": "rdacontent"
          }
        ]
      }
    },
    {
      "337": {
        "ind1": "\\",
        "ind2": "\\",
        "subfields": [
          {
            "a": "unmediated"
          },
          {
            "b": "n"
          },
          {
            "2": "rdamedia"
          }
        ]
      }
    },
    {
      "338": {
        "ind1": "\\",
        "ind2": "\\",
        "subfields": [
          {
            "a": "volume"
          },
          {
            "b": "nc"
          },
          {
            "2": "rdacarrier"
          }
        ]
      }
    },
    {
      "504": {
        "ind1": "\\",
        "ind2": "\\",
        "subfields": [
          {
            "a": "Includes bibliographical references (pages 225-235)."
          }
        ]
      }
    },
    {
      "505": {
        "ind1": "0",
        "ind2": "\\",
        "subfields": [
          {
            "a": "The faking of American art, past and present -- The curious case of Henri Abraham Abel Haddad -- The marketplace -- Fakes in American museums -- Detection -- Lawsuits -- Prints and sculpture -- Rogues' gallery -- What can be done?"
          }
        ]
      }
    },
    {
      "520": {
        "ind1": "\\",
        "ind2": "\\",
        "subfields": [
          {
            "a": "The lively business of making, buying, and selling fraudulent art from colonial times to the present, with advice on avoiding swindles."
          }
        ]
      }
    },
    {
      "650": {
        "ind1": "\\",
        "ind2": "0",
        "subfields": [
          {
            "a": "Art"
          },
          {
            "x": "Forgeries."
          }
        ]
      }
    },
    {
      "650": {
        "ind1": "\\",
        "ind2": "0",
        "subfields": [
          {
            "a": "Art"
          },
          {
            "z": "United States."
          }
        ]
      }
    },
    {
      "650": {
        "ind1": "\\",
        "ind2": "7",
        "subfields": [
          {
            "a": "Art."
          },
          {
            "2": "fast"
          },
          {
            "0": "(OCoLC)fst00815177"
          }
        ]
      }
    },
    {
      "650": {
        "ind1": "\\",
        "ind2": "7",
        "subfields": [
          {
            "a": "Art"
          },
          {
            "x": "Forgeries."
          },
          {
            "2": "fast"
          },
          {
            "0": "(OCoLC)fst00815252"
          }
        ]
      }
    },
    {
      "651": {
        "ind1": "\\",
        "ind2": "7",
        "subfields": [
          {
            "a": "United States."
          },
          {
            "2": "fast"
          },
          {
            "0": "(OCoLC)fst01204155"
          }
        ]
      }
    },
    {
      "994": {
        "ind1": "\\",
        "ind2": "\\",
        "subfields": [
          {
            "a": "Z0"
          },
          {
            "b": "NYRVC"
          }
        ]
      }
    },
    {
      "948": {
        "ind1": "\\",
        "ind2": "\\",
        "subfields": [
          {
            "h": "NO HOLDINGS IN NYRVC - 543 OTHER HOLDINGS"
          }
        ]
      }
    },
    {
      "999": {
        "ind1": "\\",
        "ind2": "\\",
        "subfields": [
          {
            "a": "00000000010526"
          }
        ]
      }
    }
  ]
}